@Article{macosko2015highly,
    Author="Macosko, E. Z.  and Basu, A.  and Satija, R.  and Nemesh, J.  and Shekhar, K.  and Goldman, M.  and Tirosh, I.  and Bialas, A. R.  and Kamitaki, N.  and Martersteck, E. M.  and Trombetta, J. J.  and Weitz, D. A.  and Sanes, J. R.  and Shalek, A. K.  and Regev, A.  and McCarroll, S. A. ",
    Title={{H}ighly Parallel Genome-wide Expression Profiling of Individual Cells Using Nanoliter Droplets},
    Journal="Cell",
    Year="2015",
    Volume="161",
    Number="5",
    Pages="1202--1214",
    Month="May"
}

@Article{klein2015droplet,
    Author="Klein, A. M.  and Mazutis, L.  and Akartuna, I.  and Tallapragada, N.  and Veres, A.  and Li, V.  and Peshkin, L.  and Weitz, D. A.  and Kirschner, M. W. ",
    Title="{{D}roplet barcoding for single-cell transcriptomics applied to embryonic stem cells}",
    Journal="Cell",
    Year="2015",
    Volume="161",
    Number="5",
    Pages="1187--1201",
    Month="May"
}

@Article{zheng2017massively,
    Author="Zheng, G. X.  and Terry, J. M.  and Belgrader, P.  and Ryvkin, P.  and Bent, Z. W.  and Wilson, R.  and Ziraldo, S. B.  and Wheeler, T. D.  and McDermott, G. P.  and Zhu, J.  and Gregory, M. T.  and Shuga, J.  and Montesclaros, L.  and Underwood, J. G.  and Masquelier, D. A.  and Nishimura, S. Y.  and Schnall-Levin, M.  and Wyatt, P. W.  and Hindson, C. M.  and Bharadwaj, R.  and Wong, A.  and Ness, K. D.  and Beppu, L. W.  and Deeg, H. J.  and McFarland, C.  and Loeb, K. R.  and Valente, W. J.  and Ericson, N. G.  and Stevens, E. A.  and Radich, J. P.  and Mikkelsen, T. S.  and Hindson, B. J.  and Bielas, J. H. ",
    Title="{{M}assively parallel digital transcriptional profiling of single cells}",
    Journal="Nat Commun",
    Year="2017",
    Volume="8",
    Pages="14049",
    Month="Jan"
}

@Article{islam2014quantitative,
    Author="Islam, S.  and Zeisel, A.  and Joost, S.  and La Manno, G.  and Zajac, P.  and Kasper, M.  and Lonnerberg, P.  and Linnarsson, S. ",
    Title="{{Q}uantitative single-cell {R}{N}{A}-seq with unique molecular identifiers}",
    Journal="Nat. Methods",
    Year="2014",
    Volume="11",
    Number="2",
    Pages="163--166",
    Month="Feb"
}

@Article{pollen2014low,
    Author="Pollen, A. A.  and Nowakowski, T. J.  and Shuga, J.  and Wang, X.  and Leyrat, A. A.  and Lui, J. H.  and Li, N.  and Szpankowski, L.  and Fowler, B.  and Chen, P.  and Ramalingam, N.  and Sun, G.  and Thu, M.  and Norris, M.  and Lebofsky, R.  and Toppani, D.  and Kemp, D. W.  and Wong, M.  and Clerkson, B.  and Jones, B. N.  and Wu, S.  and Knutsson, L.  and Alvarado, B.  and Wang, J.  and Weaver, L. S.  and May, A. P.  and Jones, R. C.  and Unger, M. A.  and Kriegstein, A. R.  and West, J. A. ",
    Title="{{L}ow-coverage single-cell m{R}{N}{A} sequencing reveals cellular heterogeneity and activated signaling pathways in developing cerebral cortex}",
    Journal="Nat. Biotechnol.",
    Year="2014",
    Volume="32",
    Number="10",
    Pages="1053--1058",
    Month="Oct"
}

@Article{picelli2013smartseq2,
    Author="Picelli, S.  and Bjorklund, A. K.  and Faridani, O. R.  and Sagasser, S.  and Winberg, G.  and Sandberg, R. ",
    Title="{{S}mart-seq2 for sensitive full-length transcriptome profiling in single cells}",
    Journal="Nat. Methods",
    Year="2013",
    Volume="10",
    Number="11",
    Pages="1096--1098",
    Month="Nov"
}

@Article{regev2017human,
    Author="Regev, A.  and Teichmann, S. A.  and Lander, E. S.  and Amit, I.  and Benoist, C.  and Birney, E.  and Bodenmiller, B.  and Campbell, P.  and Carninci, P.  and Clatworthy, M.  and Clevers, H.  and Deplancke, B.  and Dunham, I.  and Eberwine, J.  and Eils, R.  and Enard, W.  and Farmer, A.  and Fugger, L.  and Gottgens, B.  and Hacohen, N.  and Haniffa, M.  and Hemberg, M.  and Kim, S.  and Klenerman, P.  and Kriegstein, A.  and Lein, E.  and Linnarsson, S.  and Lundberg, E.  and Lundeberg, J.  and Majumder, P.  and Marioni, J. C.  and Merad, M.  and Mhlanga, M.  and Nawijn, M.  and Netea, M.  and Nolan, G.  and Pe'er, D.  and Phillipakis, A.  and Ponting, C. P.  and Quake, S.  and Reik, W.  and Rozenblatt-Rosen, O.  and Sanes, J.  and Satija, R.  and Schumacher, T. N.  and Shalek, A.  and Shapiro, E.  and Sharma, P.  and Shin, J. W.  and Stegle, O.  and Stratton, M.  and Stubbington, M. J. T.  and Theis, F. J.  and Uhlen, M.  and van Oudenaarden, A.  and Wagner, A.  and Watt, F.  and Weissman, J.  and Wold, B.  and Xavier, R.  and Yosef, N. ",
    Title="{{T}he {H}uman {C}ell {A}tlas}",
    Journal="Elife",
    Year="2017",
    Volume="6",
    Month="12"
}

@Article{robinson2010edgeR,
    Author="Robinson, M. D.  and McCarthy, D. J.  and Smyth, G. K. ",
    Title="{edge{R}: a {B}ioconductor package for differential expression analysis of digital gene expression data}",
    Journal="Bioinformatics",
    Year="2010",
    Volume="26",
    Number="1",
    Pages="139--140",
    Month="Jan"
}

@article{gale1995good,
    title={Good-{T}uring frequency estimation without tears},
    author={Gale, William A and Sampson, Geoffrey},
    journal={Journal of Quantitative Linguistics},
    volume={2},
    number={3},
    pages={217--237},
    year={1995},
    publisher={Taylor \& Francis}
}

@Article{phipson2010permutation,
    Author="Phipson, B.  and Smyth, G. K. ",
    Title="{{P}ermutation {P}-values should never be zero: calculating exact {P}-values when permutations are randomly drawn}",
    Journal="Stat Appl Genet Mol Biol",
    Year="2010",
    Volume="9",
    Pages="Article39"
}

@article{benjamini1995controlling,
      title={Controlling the false discovery rate: a practical and powerful approach to multiple testing},
      author={Benjamini, Y. and Hochberg, Y.},
      journal={J. R. Stat. Soc. B},
      pages={289--300},
      year={1995},
      publisher={JSTOR}
}

@article{van2008visualizing,
    title={Visualizing data using t-{S}{N}{E}},
    author={Van der Maaten, L. and Hinton, G.},
    journal={J Mach Learn Res},
    volume={9},
    number={2579-2605},
    pages={85},
    year={2008}
}

@Article{lun2016stepbystep,
    Author="Lun, A. T.  and McCarthy, D. J.  and Marioni, J. C. ",
    Title="{{A} step-by-step workflow for low-level analysis of single-cell {R}{N}{A}-seq data with {B}ioconductor}",
    Journal="F1000Res",
    Year="2016",
    Volume="5",
    Pages="2122"
}

@Article{mccarthy2017scater,
    Author="McCarthy, D. J.  and Campbell, K. R.  and Lun, A. T.  and Wills, Q. F. ",
    Title="{{S}cater: pre-processing, quality control, normalization and visualization of single-cell {R}{N}{A}-seq data in {R}}",
    Journal="Bioinformatics",
    Year="2017",
    Volume="33",
    Number="8",
    Pages="1179--1186",
    Month="Apr"
}

@Article{lex2014upset,       
    Author="Lex, A.  and Gehlenborg, N.  and Strobelt, H.  and Vuillemot, R.  and Pfister, H. ",
    Title="{{U}p{S}et: {V}isualization of {I}ntersecting {S}ets}",
    Journal="IEEE Trans Vis Comput Graph",
    Year="2014",
    Volume="20",
    Number="12",
    Pages="1983--1992",
    Month="Dec"
}

@Article{ilicic2016classification,
    Author="Ilicic, T.  and Kim, J. K.  and Kolodziejczyk, A. A.  and Bagger, F. O.  and McCarthy, D. J.  and Marioni, J. C.  and Teichmann, S. A. ",
    Title="{{C}lassification of low quality cells from single-cell {R}{N}{A}-seq data}",
    Journal="Genome Biol.",
    Year="2016",
    Volume="17",
    Pages="29",
    Month="Feb"
}

@Article{huber2015orchestrating,
    Author="Huber, W.  and Carey, V. J.  and Gentleman, R.  and Anders, S.  and Carlson, M.  and Carvalho, B. S.  and Bravo, H. C.  and Davis, S.  and Gatto, L.  and Girke, T.  and Gottardo, R.  and Hahne, F.  and Hansen, K. D.  and Irizarry, R. A.  and Lawrence, M.  and Love, M. I.  and MacDonald, J.  and Obenchain, V.  and Ole\'s, A. K.  and Pages, H.  and Reyes, A.  and Shannon, P.  and Smyth, G. K.  and Tenenbaum, D.  and Waldron, L.  and Morgan, M. ",
    Title="{{O}rchestrating high-throughput genomic analysis with {B}ioconductor}",
    Journal="Nat. Methods",
    Year="2015",
    Volume="12",
    Number="2",
    Pages="115--121",
    Month="Feb"
}

@Article{xu2015identification,
    Author="Xu, C.  and Su, Z. ",
    Title="{{I}dentification of cell types from single-cell transcriptomes using a novel clustering method}",
    Journal="Bioinformatics",
    Year="2015",
    Volume="31",
    Number="12",
    Pages="1974--1980",
    Month="Jun"
}

@Article{lun2016pooling,
    Author="Lun, A. T.  and Bach, K.  and Marioni, J. C. ",
    Title="{{P}ooling across cells to normalize single-cell {R}{N}{A} sequencing data with many zero counts}",
    Journal="Genome Biol.",
    Year="2016",
    Volume="17",
    Pages="75",
    Month="Apr"
}

@Article{ritchie2015limma,
    Author="Ritchie, M. E.  and Phipson, B.  and Wu, D.  and Hu, Y.  and Law, C. W.  and Shi, W.  and Smyth, G. K. ",
    Title="{limma powers differential expression analyses for {R}{N}{A}-sequencing and microarray studies}",
    Journal="Nucleic Acids Res.",
    Year="2015",
    Volume="43",
    Number="7",
    Pages="e47",
    Month="Apr"
}

@Article{rowley2012platelet,
    Author="Rowley, J. W.  and Schwertz, H.  and Weyrich, A. S. ",
    Title="{{P}latelet m{R}{N}{A}: the meaning behind the message}",
    Journal="Curr. Opin. Hematol.",
    Year="2012",
    Volume="19",
    Number="5",
    Pages="385--391",
    Month="Sep"
}

@Article{kim2008effects,
    Author="Kim, K. I.  and van de Wiel, M. A. ",
    Title="{{E}ffects of dependence in high-dimensional multiple testing problems}",
    Journal="BMC Bioinformatics",
    Year="2008",
    Volume="9",
    Pages="114",
    Month="Feb"
}

@Article{reiner2003identifying,
    Author="Reiner, A.  and Yekutieli, D.  and Benjamini, Y. ",
    Title="{{I}dentifying differentially expressed genes using false discovery rate controlling procedures}",
    Journal="Bioinformatics",
    Year="2003",
    Volume="19",
    Number="3",
    Pages="368--375",
    Month="Feb"
}

@article{young2018soupx,
    author = {Young, M. D. and Behjati, S.},
    title = {Soup{X} removes ambient {R}{N}{A} contamination from droplet based single cell {R}{N}{A} sequencing data},
    year = {2018},
    journal = {bioRxiv}
}

@article{ernst2018staged,
    author = {Ernst, C. and Eling, N. and Martinez-Jimenez, C. P. and Marioni, J. C. and Odom, D. T.},
    title = {Staged developmental mapping and {X} chromosome transcriptional dynamics during mouse spermatogenesis},
    year = {2018},
    journal = {bioRxiv}
}

@Article{griffiths2018detection,
    Author="Griffiths, J. A.  and Richard, A. C.  and Bach, K.  and Lun, A. T. L.  and Marioni, J. C. ",
    Title="{{D}etection and removal of barcode swapping in single-cell {R}{N}{A}-seq data}",
    Journal="Nat Commun",
    Year="2018",
    Volume="9",
    Number="1",
    Pages="2667",
    Month="Jul"
}

